<record><leader>00000cas a2200000 a 4500</leader><controlfield tag="001">43310423</controlfield><controlfield tag="008">000119c20009999mnuwr ne      0    0eng d</controlfield><datafield ind1=" " ind2=" " tag="010"><subfield code="a">sn 00058014 </subfield></datafield><datafield ind1=" " ind2=" " tag="040"><subfield code="a">MLR</subfield><subfield code="b">eng</subfield><subfield code="c">MLR</subfield><subfield code="d">DLC</subfield><subfield code="d">OCL</subfield><subfield code="d">OCLCQ</subfield><subfield code="d">OCLCF</subfield><subfield code="d">OCLCO</subfield></datafield><datafield ind1="1" ind2=" " tag="029"><subfield code="a">AU@</subfield><subfield code="b">000021486037</subfield></datafield><datafield ind1=" " ind2=" " tag="042"><subfield code="a">msc</subfield></datafield><datafield ind1=" " ind2=" " tag="043"><subfield code="a">n-us-mn</subfield></datafield><datafield ind1="0" ind2="0" tag="245"><subfield code="a">Minnesota spokesman-recorder.</subfield></datafield><datafield ind1="3" ind2="0" tag="246"><subfield code="a">Spokesman-recorder</subfield></datafield><datafield ind1=" " ind2=" " tag="260"><subfield code="a">Minneapolis, MN :</subfield><subfield code="b">Minnesota Spokesman-Recorder,</subfield><subfield code="c">2000-</subfield></datafield><datafield ind1=" " ind2=" " tag="300"><subfield code="a">v.</subfield></datafield><datafield ind1="0" ind2=" " tag="362"><subfield code="a">Vol. 65, no. 30 (Jan. 6-12, 2000)-</subfield></datafield><datafield ind1=" " ind2=" " tag="530"><subfield code="a">Available on microfilm from the Minnesota Historical Society.</subfield></datafield><datafield ind1=" " ind2=" " tag="580"><subfield code="a">Formed by the merger of: Minneapolis spokesman, and: St. Paul recorder.</subfield></datafield><datafield ind1=" " ind2="0" tag="650"><subfield code="a">Black newspapers</subfield><subfield code="z">Minnesota.</subfield></datafield><datafield ind1=" " ind2="0" tag="650"><subfield code="a">American newspapers.</subfield></datafield><datafield ind1=" " ind2="0" tag="650"><subfield code="a">African Americans</subfield><subfield code="z">Minnesota</subfield><subfield code="v">Newspapers.</subfield></datafield><datafield ind1=" " ind2="0" tag="651"><subfield code="a">Minneapolis (Minn.)</subfield><subfield code="v">Newspapers.</subfield></datafield><datafield ind1=" " ind2="0" tag="651"><subfield code="a">Saint Paul (Minn.)</subfield><subfield code="v">Newspapers.</subfield></datafield><datafield ind1=" " ind2="7" tag="655"><subfield code="a">Newspapers.</subfield><subfield code="2">fast</subfield><subfield code="0">(OCoLC)fst01423814</subfield></datafield><datafield ind1=" " ind2="7" tag="650"><subfield code="a">African Americans.</subfield><subfield code="2">fast</subfield><subfield code="0">(OCoLC)fst00799558</subfield></datafield><datafield ind1=" " ind2="7" tag="650"><subfield code="a">American newspapers.</subfield><subfield code="2">fast</subfield><subfield code="0">(OCoLC)fst00807293</subfield></datafield><datafield ind1=" " ind2="7" tag="650"><subfield code="a">Black newspapers.</subfield><subfield code="2">fast</subfield><subfield code="0">(OCoLC)fst00833736</subfield></datafield><datafield ind1=" " ind2="7" tag="651"><subfield code="a">Minnesota.</subfield><subfield code="2">fast</subfield><subfield code="0">(OCoLC)fst01204560</subfield></datafield><datafield ind1=" " ind2="7" tag="651"><subfield code="a">Minnesota</subfield><subfield code="z">Minneapolis.</subfield><subfield code="2">fast</subfield><subfield code="0">(OCoLC)fst01204260</subfield></datafield><datafield ind1=" " ind2="7" tag="651"><subfield code="a">Minnesota</subfield><subfield code="z">Saint Paul.</subfield><subfield code="2">fast</subfield><subfield code="0">(OCoLC)fst01212130</subfield></datafield><datafield ind1=" " ind2=" " tag="752"><subfield code="a">United States</subfield><subfield code="b">Minnesota</subfield><subfield code="c">Hennepin</subfield><subfield code="d">Minneapolis.</subfield></datafield><datafield ind1=" " ind2=" " tag="752"><subfield code="a">United States</subfield><subfield code="b">Minnesota</subfield><subfield code="c">Ramsey</subfield><subfield code="d">Saint Paul.</subfield></datafield><datafield ind1="1" ind2="4" tag="780"><subfield code="t">Minneapolis spokesman</subfield><subfield code="w">(DLC)sn 83025247</subfield><subfield code="w">(OCoLC)1715036</subfield></datafield><datafield ind1="1" ind2="4" tag="780"><subfield code="t">St. Paul recorder</subfield><subfield code="w">(DLC)sn 83016804</subfield><subfield code="w">(OCoLC)1715473</subfield></datafield></record>